<record><leader>00000cas a22000007a 4500</leader><controlfield tag="001">17448401</controlfield><controlfield tag="008">880208d19181923iauwr ne      0    0eng d</controlfield><datafield ind1=" " ind2=" " tag="010"><subfield code="a">sn 88059221 </subfield></datafield><datafield ind1=" " ind2=" " tag="040"><subfield code="a">INP</subfield><subfield code="b">eng</subfield><subfield code="c">INP</subfield><subfield code="d">OCLCQ</subfield></datafield><datafield ind1=" " ind2=" " tag="042"><subfield code="a">msc</subfield></datafield><datafield ind1="0" ind2="4" tag="245"><subfield code="a">The Denison bulletin and herald.</subfield></datafield><datafield ind1="1" ind2="3" tag="246"><subfield code="a">Denison bulletin</subfield></datafield><datafield ind1=" " ind2=" " tag="260"><subfield code="a">Denison, Iowa :</subfield><subfield code="b">[Bulletin Pub. Co.],</subfield><subfield code="c">1918-1923.</subfield></datafield><datafield ind1=" " ind2=" " tag="300"><subfield code="a">6 v.</subfield></datafield><datafield ind1=" " ind2=" " tag="310"><subfield code="a">Weekly</subfield></datafield><datafield ind1="0" ind2=" " tag="362"><subfield code="a">Vol. 45, no. 45 (Nov. 6, 1918)-v. 50, no. 40 (Oct. 3, 1923).</subfield></datafield><datafield ind1=" " ind2=" " tag="752"><subfield code="a">United States</subfield><subfield code="b">Iowa</subfield><subfield code="c">Crawford</subfield><subfield code="d">Denison.</subfield></datafield><datafield ind1="0" ind2="4" tag="780"><subfield code="t">Denison bulletin (Denison, Iowa : 1888)</subfield><subfield code="w">(DLC)sn 88059220</subfield></datafield><datafield ind1="0" ind2="4" tag="780"><subfield code="t">Herold (Denison, Iowa)</subfield></datafield><datafield ind1="0" ind2="0" tag="785"><subfield code="t">Denison bulletin (Denison, Iowa : 1923)</subfield><subfield code="w">(DLC)sn 88059222</subfield></datafield></record>